<record><leader>02104cam a2200433 i 4500</leader><controlfield tag="001">6775750</controlfield><controlfield tag="003">OCoLC</controlfield><controlfield tag="005">20150105103909.0</controlfield><controlfield tag="008">140415s2015    nyua     b    001 0 eng c</controlfield><datafield ind1=" " ind2=" " tag="010"><subfield code="a">  2014015006</subfield></datafield><datafield ind1=" " ind2=" " tag="020"><subfield code="a">9781138800168</subfield><subfield code="q">hbk</subfield></datafield><datafield ind1=" " ind2=" " tag="020"><subfield code="a">1138800163</subfield><subfield code="q">hbk</subfield></datafield><datafield ind1=" " ind2=" " tag="020"><subfield code="z">9781315755618</subfield><subfield code="q">ebk</subfield></datafield><datafield ind1=" " ind2=" " tag="040"><subfield code="a">IEN/DLC</subfield><subfield code="b">eng</subfield><subfield code="e">rda</subfield><subfield code="c">INU</subfield><subfield code="d">DLC</subfield><subfield code="d">OCLCO</subfield><subfield code="d">OCLCF</subfield><subfield code="d">DGU</subfield><subfield code="d">CDX</subfield><subfield code="d">YDXCP</subfield><subfield code="d">ZCU</subfield><subfield code="d">UAB</subfield></datafield><datafield ind1=" " ind2=" " tag="042"><subfield code="a">pcc</subfield></datafield><datafield ind1=" " ind2=" " tag="043"><subfield code="a">f------</subfield></datafield><datafield ind1="0" ind2="0" tag="050"><subfield code="a">PN841</subfield><subfield code="b">.B73 2015</subfield></datafield><datafield ind1="0" ind2="4" tag="082"><subfield code="a">809.8896</subfield><subfield code="2">23</subfield></datafield><datafield ind1=" " ind2=" " tag="090"><subfield code="a">PN 841 B73 2015</subfield><subfield code="b">AEU</subfield></datafield><datafield ind1="1" ind2=" " tag="100"><subfield code="a">Branche, Jerome,</subfield><subfield code="e">author.</subfield></datafield><datafield ind1="1" ind2="4" tag="245"><subfield code="a">The poetics and politics of diaspora :</subfield><subfield code="b">transatlantic musings /</subfield><subfield code="c">Jerome C. Branche.</subfield></datafield><datafield ind1=" " ind2="1" tag="264"><subfield code="a">New York :</subfield><subfield code="b">Routledge, Taylor &amp; Francis Group,</subfield><subfield code="c">2015.</subfield></datafield><datafield ind1=" " ind2=" " tag="300"><subfield code="a">xiii, 191 pages :</subfield><subfield code="b">illustrations ;</subfield><subfield code="c">24 cm.</subfield></datafield><datafield ind1=" " ind2=" " tag="336"><subfield code="a">text</subfield><subfield code="b">txt</subfield><subfield code="2">rdacontent</subfield></datafield><datafield ind1=" " ind2=" " tag="337"><subfield code="a">unmediated</subfield><subfield code="b">n</subfield><subfield code="2">rdamedia</subfield></datafield><datafield ind1=" " ind2=" " tag="338"><subfield code="a">volume</subfield><subfield code="b">nc</subfield><subfield code="2">rdacarrier</subfield></datafield><datafield ind1="1" ind2=" " tag="490"><subfield code="a">Routledge studies on African and Black diaspora ;</subfield><subfield code="v">7</subfield></datafield><datafield ind1=" " ind2=" " tag="504"><subfield code="a">Includes bibliographical references (pages 175-188) and index.</subfield></datafield><datafield ind1="0" ind2="0" tag="505"><subfield code="t">Introduction: Malungaje : toward a poetics of diaspora --</subfield><subfield code="t">Dislocation and re/membering : Ndongo and D'Aguiar write the middle passage --</subfield><subfield code="t">Dislocation and double consciousness in Kamau Brathwaite : the poet as guinea-bird --</subfield><subfield code="t">Speaking truth, speaking power : of "immigrants," immanence, and Linton Kwesi Johnson's "Street 66" --</subfield><subfield code="t">Exile's half-life, exile's dead end : the conundrum of relocation in Equatoguinean literature --</subfield><subfield code="t">Marcando territorio (marking territory) : location as project and process in Colombia.</subfield></datafield><datafield ind1=" " ind2=" " tag="596"><subfield code="a">16</subfield></datafield><datafield ind1=" " ind2="0" tag="650"><subfield code="a">Literature</subfield><subfield code="x">Black authors</subfield><subfield code="x">History and criticism.</subfield></datafield><datafield ind1=" " ind2="0" tag="650"><subfield code="a">African diaspora in literature.</subfield></datafield><datafield ind1=" " ind2="0" tag="650"><subfield code="a">Postcolonialism in literature.</subfield></datafield><datafield ind1=" " ind2="0" tag="650"><subfield code="a">Slavery in literature.</subfield></datafield><datafield ind1=" " ind2="0" tag="650"><subfield code="a">Slave trade in literature.</subfield></datafield><datafield ind1=" " ind2="0" tag="651"><subfield code="a">Africa</subfield><subfield code="x">In literature.</subfield></datafield><datafield ind1=" " ind2="0" tag="830"><subfield code="a">Routledge studies on African and Black diaspora ;</subfield><subfield code="v">7.</subfield></datafield><datafield ind1=" " ind2=" " tag="949"><subfield code="a">PN 841 B73 2015</subfield><subfield code="c">1</subfield><subfield code="h">UAAU-B</subfield><subfield code="i">0162035220068</subfield></datafield><datafield ind1=" " ind2=" " tag="926"><subfield code="a">PN 841 B73 2015</subfield><subfield code="w">LC</subfield><subfield code="c">1</subfield><subfield code="i">0162035220068</subfield><subfield code="l">ON_SHELF</subfield><subfield code="m">UAAUG</subfield><subfield code="p">$150.00</subfield><subfield code="r">Y</subfield><subfield code="s">Y</subfield><subfield code="t">BOOK</subfield><subfield code="u">1/14/2015</subfield></datafield></record>